@misc{patashnik1988designing,
  title={Designing BIBTEX styles},
  author={Patashnik, Oren},
  year={1988},
  publisher={February}
}
@article{ilea2008ctex,
	title={CTex—an adaptive unsupervised segmentation algorithm based on color-texture coherence},
	author={Ilea, Dana E and Whelan, Paul F},
	journal={IEEE Transactions on Image Processing},
	volume={17},
	number={10},
	pages={1926--1939},
	year={2008},
	publisher={IEEE}
}
@article{刘汝良2008人口迁移模型的改进及系统动力学仿真预测,
	title={人口迁移模型的改进及系统动力学仿真预测},
	author={刘汝良 and 贾仁安 and 董秋仙},
	journal={数学的实践与认识},
	volume={38},
	number={18},
	pages={128--133},
	year={2008}
}